<?xml version="1.0" encoding="UTF-8"?><collection xmlns="http://www.loc.gov/MARC21/slim"><record><leader>00325nam--2200121-i-4500</leader><controlfield tag="001">000036832</controlfield><controlfield tag="002">20161230</controlfield><controlfield tag="005">20161230201041</controlfield><controlfield tag="008">060222s1000------------r-----000-0-eng-d</controlfield><datafield ind1=" " ind2=" " tag="100"><subfield code="a">Pohl, F., Reindl, R</subfield></datafield><datafield ind1=" " ind2=" " tag="245"><subfield code="a">Klingelnberg technisches hilfsbuch. 14.aufl</subfield></datafield><datafield ind1=" " ind2=" " tag="260"><subfield code="a">Berlin, Springer Verlag, 1960, Xvi + 878p</subfield></datafield><datafield ind1=" " ind2=" " tag="852"><subfield code="a">14717</subfield></datafield></record></collection>